<mx:record xmlns:mx="http://www.loc.gov/MARC21/slim" xmlns:xsi="http://www.w3.org/2001/XMLSchema-instance" xsi:schemaLocation="http://www.loc.gov/MARC21/slim http://www.loc.gov/standards/marcxml/schema/MARC21slim.xsd"><mx:leader>00037nz   2200037n  4500</mx:leader><mx:controlfield tag="001">oca06013885 </mx:controlfield><mx:controlfield tag="005">20030402052244.0</mx:controlfield><mx:controlfield tag="008">030401n| acannaabn          |a aaa     c</mx:controlfield><mx:datafield ind1=" " ind2=" " tag="010"><mx:subfield code="a">no2003032426</mx:subfield></mx:datafield><mx:datafield ind1=" " ind2=" " tag="040"><mx:subfield code="a">CLU</mx:subfield><mx:subfield code="b">eng</mx:subfield><mx:subfield code="c">CLU</mx:subfield></mx:datafield><mx:datafield ind1="0" ind2=" " tag="100"><mx:subfield code="a">Leōn Choirosphaktēs,</mx:subfield><mx:subfield code="d">d. ca. 919</mx:subfield></mx:datafield><mx:datafield ind1="1" ind2=" " tag="400"><mx:subfield code="a">Choirosphaktēs, Leōn,</mx:subfield><mx:subfield code="d">d. ca. 919</mx:subfield></mx:datafield><mx:datafield ind1="0" ind2=" " tag="400"><mx:subfield code="a">Leōn Magistros Choirosphaktēs,</mx:subfield><mx:subfield code="d">d. ca. 919</mx:subfield></mx:datafield><mx:datafield ind1="0" ind2=" " tag="400"><mx:subfield code="a">Léon Choirosphactès,</mx:subfield><mx:subfield code="d">d. ca. 919</mx:subfield></mx:datafield><mx:datafield ind1="0" ind2=" " tag="400"><mx:subfield code="a">Léon Choreosphactès,</mx:subfield><mx:subfield code="d">d. ca. 919</mx:subfield></mx:datafield><mx:datafield ind1=" " ind2=" " tag="670"><mx:subfield code="a">Biographisch-bibliographisches Kirchenlexikon WWW Home page, Apr. 1, 2003</mx:subfield><mx:subfield code="b">(Leon Choirosphaktes; related to Leon VI)</mx:subfield></mx:datafield><mx:datafield ind1=" " ind2=" " tag="670"><mx:subfield code="a">Chiliostichos theologia, 2002:</mx:subfield><mx:subfield code="b">t.p. (Leon Magistros Choirosphaktes) p. 1, etc. (b. early 9th cent., possibly ca. 840; d. ca. 919)</mx:subfield></mx:datafield><mx:datafield ind1=" " ind2=" " tag="670"><mx:subfield code="a">Dictionnaire des auteurs grecs et latins de l'antiquité et du Moyen Age, c1991:</mx:subfield><mx:subfield code="b">p. 508, etc. (Léon Choirosphactès; ca. 824-919; related to Léon VI)</mx:subfield></mx:datafield><mx:datafield ind1=" " ind2=" " tag="670"><mx:subfield code="a">LC database, Apr. 1, 2003 (hdg.: Leōn Choirosphaktēs, ca. 850-ca. 919; usage: Léon Choreosphactès)</mx:subfield></mx:datafield><mx:datafield ind1=" " ind2=" " tag="999"><mx:subfield code="a">139</mx:subfield></mx:datafield></mx:record>